@book{Cohen2018,
    author = {Gary Cohen and Sebastien Pernet},
    title = {Finite Element and Discontinuous Galerkin Methods for Transient Wave Equations},
    publisher = {Springer Dordrecht},
    address = {Le Chesnay and Toulouse, France},
    year = {2018},
    doi  = {10.1007/978-94-017-7761-2}
}

